@article{Allen:1984,
 author = {Allen, J A and Clarke, B C},
 doi = {10.1111/j.1095-8312.1984.tb00802.x},
 journal = {Biological Journal of the Linnean Society},
 number = {1},
 pages = {15--18},
 title = {{Frequency dependent selection: Homage to E. B. Poulton}},
 volume = {23},
 year = {1984}
}

@book{Baddeley:2012,
 author = {Baddeley, Susan and Voeste, Anja},
 doi = {10.1515/9783110288179},
 publisher = {De Gruyter Mouton},
 title = {Orthographies in early modern {Europe}},
 year = {2012}
}

@article{Berg:2017,
 author = {Berg, Kristian and Aronoff, Mark},
 doi = {10.1353/lan.2017.0000},
 journal = {Language},
 number = {1},
 pages = {37--64},
 title = {{Self-organization in the spelling of English suffixes: The emergence of culture out of anarchy}},
 volume = {93},
 year = {2017}
}

@article{Berg:2021,
 author = {Berg, Kristian and Aronoff, Mark},
 doi = {10.1007/s11525-021-09379-5},
 journal = {Morphology},
 number = {3},
 pages = {315--328},
 title = {Is the {English} writing system phonographic or lexical/morphological? {A} new look at the spelling of stems},
 volume = {31},
 year = {2021}
}

@article{Brysbaert:2019,
 author = {Brysbaert, Marc},
 doi = {10.1016/j.jml.2019.104047},
 journal = {Journal of Memory and Language},
 pages = {Article 104047},
 title = {{How many words do we read per minute? A review and meta-analysis of reading rate}},
 volume = {109},
 year = {2019}
}

@article{Cahill:2023,
 author = {Cahill, Lynne},
 doi = {10.1075/wll.00076.cah},
 journal = {Written Language \& Literacy},
 number = {1},
 pages = {131--153},
 title = {{The standardisation of spelling in Middle English: The case of \textit{said}}},
 volume = {26},
 year = {2023}
}

@article{CarrRastle:2024,
 author = {Carr, Jon W and Rastle, Kathleen},
 doi = {10.1016/j.cognition.2024.105809},
 journal = {Cognition},
 pages = {Article 105809},
 title = {Why Do Languages Tolerate Heterography? {An} Experimental Investigation into the Emergence of Informative Orthography},
 volume = {},
 year = {2024}
}

@inbook{Castles:2006,
 author = {Castles, A and Nation, K},
 booktitle = {From inkmarks to ideas: Current issues in lexical processing},
 editor = {Andrews, S},
 pages = {151--179},
 publisher = {Psychology Press},
 title = {{How does orthographic learning happen?}},
 year = {2006}
}

@article{Chouteau:2016,
 author = {Chouteau, Mathieu and Arias, Mónica and Joron, Mathieu},
 doi = {10.1073/pnas.1519216113},
 journal = {Proceedings of the National Academy of Sciences of the USA},
 number = {8},
 pages = {2164--2169},
 title = {Warning signals are under positive frequency-dependent selection in nature},
 volume = {113},
 year = {2016}
}

@book{Condorelli:2022,
 author = {Condorelli, Marco},
 doi = {10.1017/9781009099912},
 publisher = {Cambridge University Press},
 title = {{Standardising English spelling: The role of printing in sixteenth and seventeenth-century graphemic developments}},
 year = {2022}
}

@article{CondorelliUVIJ:2021,
 author = {Condorelli, Marco},
 doi = {10.1017/S1360674320000349},
 journal = {English Language and Linguistics},
 number = {4},
 pages = {799--823},
 title = {Positional spelling redistribution: Word-initial <u>/<v> and <i>/<j> in {Early} {Modern} {English} (1500–1700)},
 volume = {25},
 year = {2021}
}

@incollection{Considine:2012,
 author = {Considine, John},
 booktitle = {English Historical Linguistics},
 doi = {10.1515/9783110251593.1050},
 editor = {Bergs, Alexander and Brinton, Laurel J},
 pages = {1050--1062},
 publisher = {De Gruyter},
 title = {{Standardization: Dictionaries and the standardization of English}},
 year = {2012}
}

@book{Crystal:2005,
 author = {Crystal, David},
 publisher = {Penguin},
 title = {{The stories of English}},
 year = {2005}
}

@incollection{Durkin:2016,
 author = {Durkin, Philip},
 booktitle = {The {Routledge} handbook of the {English} writing system},
 doi = {10.4324/9781315670003},
 editor = {Cook, Vivian and Ryan, Des},
 pages = {163--173},
 publisher = {Routledge},
 title = {{Spelling variation as documented in historical dictionaries}},
 year = {2016}
}

@article{Evans:2012,
 author = {Evans, Melanie},
 journal = {Studies in Variation, Contacts and Change in English},
 title = {{A sociolinguistics of Early Modern spelling? An account of Queen Elizabeth I's correspondence}},
 url = {https://varieng.helsinki.fi/series/volumes/10/evans/},
 volume = {10},
 year = {2012}
}

@article{Faulkner:2023,
 author = {Faulkner, Mark},
 doi = {10.1093/llc/fqad064},
 journal = {Digital Scholarship in the Humanities},
 number = {4},
 pages = {1508--1521},
 title = {Corpus philology: Using the {Dictionary} of {Old} {English} to get bigger data for {Old} {English} spelling variation},
 volume = {38},
 year = {2023}
}

@book{Fisher:1996,
 author = {Fisher, John H},
 publisher = {University Press of Kentucky},
 title = {{The emergence of standard English}},
 year = {1996}
}

@article{Glushko:1979,
 author = {Glushko, R J},
 doi = {10.1037/0096-1523.5.4.674},
 journal = {Journal of Experimental Psychology: Human Perception and Performance},
 number = {4},
 pages = {674--691},
 title = {{The organization and activation of orthographic knowledge in reading aloud}},
 volume = {5},
 year = {1979}
}

@article{Griffiths:2007,
 author = {Griffiths, Thomas L and Kalish, Michael L},
 doi = {10.1080/15326900701326576},
 journal = {Cognitive Science},
 number = {3},
 pages = {441--480},
 title = {{Language evolution by iterated learning with Bayesian agents}},
 volume = {31},
 year = {2007}
}

@article{GuerreroMontero:2023,
 author = {Guerrero Montero, Juan and Karjus, Andres and Smith, Kenny and Blythe, Richard A},
 doi = {10.1515/cllt-2023-0064},
 journal = {Corpus Linguistics and Linguistic Theory},
 number = {},
 title = {Reliable detection and quantification of selective forces in language change},
 volume = {},
 year = {2023}
}

@book{Hart:1569,
 author = {Hart, John},
 publisher = {William Seres},
 title = {{An orthographie}},
 year = {1569}
}

@article{Karjus:2020,
 author = {Karjus, Andres and Blythe, Richard A. and Kirby, Simon and Smith, Kenny},
 doi = {10.5334/gjgl.909},
 journal = {Glossa},
 number = {1},
 title = {Challenges in detecting evolutionary forces in language change using diachronic corpora},
 volume = {5},
 year = {2020}
}

@article{KirbyDowmanGriffiths:2007,
 author = {Kirby, Simon and Dowman, Mike and Griffiths, Thomas L},
 doi = {10.1073/pnas.0608222104},
 journal = {Proceedings of the National Academy of Sciences of the USA},
 number = {12},
 pages = {5241--5245},
 title = {{Innateness and culture in the evolution of language}},
 volume = {104},
 year = {2007}
}

@article{Koller:2024,
 author = {Koller, Aaron},
 doi = {10.1086/729441},
 journal = {Journal of Near Eastern Studies},
 number = {1},
 pages = {123--156},
 title = {{The evolving definition of ``word'' in early northwest semitic writing: From \texttimes{ ‏דברים‎ }to\texttimes{ ‏תיבות‎}}},
 volume = {83},
 year = {2024}
}

@phdthesis{Kupkova:2023,
 author = {Kupková, Tatiana},
 school = {Charles University, Prague, Czechia},
 title = {Spelling Variation Trends in Early {English} Printed Texts},
 url = {https://hdl.handle.net/20.500.11956/185471},
 year = {2023}
}

@article{Nation:2022,
 author = {Nation, Kate and Dawson, Nicola J and Hsiao, Yaling},
 doi = {10.1177/09637214221103264},
 journal = {Current Directions in Psychological Science},
 number = {4},
 pages = {375--380},
 title = {{Book language and its implications for children's language, literacy, and development}},
 volume = {31},
 year = {2022}
}

@incollection{Neijt:2023,
 author = {Neijt, Anneke},
 booktitle = {{Handbook of Germanic writing systems}},
 editor = {Meletis, Dimitrios and Evertz-Rittich, Martin and Treiman, Rebecca},
 publisher = {De Gruyter},
 title = {{The Dutch way of spelling}},
 year = {2023}
}

@article{Newberry:2017,
 author = {Newberry, Mitchell G. and Ahern, Christopher A. and Clark, Robin and Plotkin, Joshua B.},
 doi = {10.1038/nature24455},
 journal = {Nature},
 number = {7679},
 pages = {223--226},
 title = {Detecting evolutionary forces in language change},
 volume = {551},
 year = {2017}
}

@article{Newberry:2022,
 author = {Newberry, Mitchell G. and Plotkin, Joshua B.},
 doi = {10.1038/s41562-022-01342-6},
 journal = {Nature Human Behaviour},
 number = {8},
 pages = {1048--1055},
 title = {Measuring frequency-dependent selection in culture},
 volume = {6},
 year = {2022}
}

@article{Pagel:2019,
 author = {Pagel, Mark and Beaumont, Mark and Meade, Andrew and Verkerk, Annemarie and Calude, Andreea},
 doi = {10.1073/pnas.1816994116},
 journal = {Proceedings of the National Academy of Sciences of the USA},
 number = {15},
 pages = {7397--7402},
 title = {Dominant words rise to the top by positive frequency-dependent selection},
 volume = {116},
 year = {2019}
}

@article{Rastle:2002,
 author = {Rastle, Kathleen and Harrington, Jonathan and Coltheart, Max},
 doi = {10.1080/02724980244000099},
 journal = {The Quarterly Journal of Experimental Psychology Section A},
 number = {4},
 pages = {1339--1362},
 title = {{358,534 nonwords: The ARC Nonword Database}},
 volume = {55},
 year = {2002}
}

@article{Rastle:2019,
 author = {Rastle, Kathleen},
 doi = {10.1177/1747021819829696},
 journal = {Quarterly Journal of Experimental Psychology},
 number = {4},
 pages = {677--692},
 title = {{EPS mid-career prize lecture 2017: Writing systems, reading, and language}},
 volume = {72},
 year = {2019}
}

@article{Reali:2009,
 author = {Reali, Florencia and Griffiths, Thomas L},
 doi = {10.1098/rspb.2009.1513},
 journal = {Proceedings of the Royal Society B: Biological Sciences},
 number = {1680},
 pages = {429--436},
 title = {Words as alleles: {Connecting} language evolution with {Bayesian} learners to models of genetic drift},
 volume = {277},
 year = {2010}
}

@book{Saenger:1997,
 author = {Saenger, P},
 publisher = {Stanford University Press},
 title = {{Space between words: The origins of silent reading}},
 year = {1997}
}

@incollection{Scholfield:2016,
 author = {Scholfield, Phil},
 booktitle = {The {Routledge} handbook of the {English} writing system},
 doi = {10.4324/9781315670003},
 editor = {Cook, Vivian and Ryan, Des},
 pages = {143--161},
 publisher = {Routledge},
 title = {{Modernization and standardization since the seventeenth century}},
 year = {2016}
}

@book{Scragg:1974,
 author = {Scragg, D G},
 publisher = {Manchester University Press},
 title = {{A history of English spelling}},
 year = {1974}
}

@article{Sebba:2009,
 author = {Sebba, Mark},
 doi = {10.1093/wsr/wsp002},
 journal = {Writing Systems Research},
 number = {1},
 pages = {35--49},
 title = {Sociolinguistic approaches to writing systems research},
 volume = {1},
 year = {2009}
}

@article{Seymour:2003,
 author = {Seymour, Philip H K and Aro, Mikko and Erskine, Jane M},
 doi = {10.1348/000712603321661859},
 journal = {British Journal of Psychology},
 number = {2},
 pages = {143--174},
 title = {{Foundation literacy acquisition in European orthographies}},
 volume = {94},
 year = {2003}
}

@book{Smith:1996,
 author = {Smith, J},
 publisher = {Routledge},
 title = {{An historical study of English: Function, form and change}},
 year = {1996}
}

@book{SSB:2012,
 author = {{Simplified Spelling Board}},
 publisher = {Simplified Spelling Board},
 title = {{Handbook of simplified spelling}},
 year = {1920}
}

@incollection{Stenroos:2016,
 author = {Stenroos, Merja and Smith, Jeremy J},
 booktitle = {The {Routledge} handbook of the {English} writing system},
 doi = {10.4324/9781315670003},
 editor = {Cook, Vivian and Ryan, Des},
 pages = {125--141},
 publisher = {Routledge},
 title = {{Changing functions: English spelling before 1600}},
 year = {2016}
}

@article{Stickel:2012,
 author = {Stickel, Gerhard},
 journal = {Linguistica Lettica},
 pages = {5--17},
 title = {{The German spelling reform---the end of a long struggle}},
 volume = {20},
 year = {2012}
}

@article{Svensson:2019,
 author = {Svensson, Erik I. and Connallon, Tim},
 doi = {10.1111/eva.12714},
 journal = {Evolutionary Applications},
 number = {7},
 pages = {1243--1258},
 title = {{How frequency-dependent selection affects population fitness, maladaptation and evolutionary rescue}},
 volume = {12},
 year = {2019}
}

@article{Ulicheva:2020,
 author = {Ulicheva, Anastasia and Harvey, Hannah and Aronoff, Mark and Rastle, Kathleen},
 doi = {10.1016/j.cognition.2018.09.013},
 journal = {Cognition},
 pages = {Article 103810},
 title = {{Skilled readers' sensitivity to meaningful regularities in English writing}},
 volume = {195},
 year = {2020}
}

@book{Vallins:1954,
 author = {Vallins, G H},
 publisher = {Andr{\'e} Deutsch Limited},
 title = {{Spelling}},
 year = {1954}
}

@article{Villa:2015,
 author = {Villa, Laura},
 doi = {10.1075/wll.18.2.03vil},
 journal = {Written Language \& Literacy},
 number = {2},
 pages = {228--247},
 title = {{Official orthographies, spelling debates and nation-building projects after the fall of the Spanish Empire}},
 volume = {18},
 year = {2015}
}

@article{Wojcik:2021,
 author = {W{\'o}jcik, Jerzy},
 doi = {10.24425/linsi.2021.137234},
 journal = {Linguistica Silesiana},
 pages = {107--123},
 title = {Measuring internal spelling variation of an {Early} {Modern} {English} text},
 volume = {42},
 year = {2021}
}

@incollection{Wright:2020,
 author = {Wright, Laura},
 booktitle = {{The multilingual origins of standard English}},
 doi = {10.1515/9783110687545-002},
 editor = {Wright, Laura},
 pages = {17--38},
 publisher = {De Gruyter},
 title = {{A critical look at previous accounts of the standardisation of English}},
 year = {2020}
}

@article{Zachrisson:1931,
 author = {Zachrisson, R E},
 doi = {10.1080/00393273108586757},
 journal = {Studia Neophilologica},
 number = {1},
 pages = {1--69},
 title = {{Four hundred years of English spelling reform}},
 volume = {4},
 year = {1931}
}
